@article{Gurari-2020-captioning,
  author    = {Danna Gurari and
               Yinan Zhao and
               Meng Zhang and
               Nilavra Bhattacharya},
  title     = {Captioning Images Taken by People Who Are Blind},
  journal   = {CoRR},
  volume    = {abs/2002.08565},
  year      = {2020},
  url       = {https://arxiv.org/abs/2002.08565},
  archivePrefix = {arXiv},
  eprint    = {2002.08565},
  timestamp = {Mon, 02 Mar 2020 16:46:06 +0100},
  biburl    = {https://dblp.org/rec/journals/corr/abs-2002-08565.bib},
  bibsource = {dblp computer science bibliography, https://dblp.org}
}

@article{Xu-2015-show-attend,
  author    = {Kelvin Xu and
               Jimmy Ba and
               Ryan Kiros and
               Kyunghyun Cho and
               Aaron C. Courville and
               Ruslan Salakhutdinov and
               Richard S. Zemel and
               Yoshua Bengio},
  title     = {Show, Attend and Tell: Neural Image Caption Generation with Visual
               Attention},
  journal   = {CoRR},
  volume    = {abs/1502.03044},
  year      = {2015},
  url       = {http://arxiv.org/abs/1502.03044},
  archivePrefix = {arXiv},
  eprint    = {1502.03044},
  timestamp = {Mon, 13 Aug 2018 16:47:52 +0200},
  biburl    = {https://dblp.org/rec/journals/corr/XuBKCCSZB15.bib},
  bibsource = {dblp computer science bibliography, https://dblp.org}
}

@article{Bernardi-2016-automatic,
  author    = {Raffaella Bernardi and
               Ruket {\c{C}}akici and
               Desmond Elliott and
               Aykut Erdem and
               Erkut Erdem and
               Nazli Ikizler{-}Cinbis and
               Frank Keller and
               Adrian Muscat and
               Barbara Plank},
  title     = {Automatic Description Generation from Images: {A} Survey of Models,
               Datasets, and Evaluation Measures},
  journal   = {CoRR},
  volume    = {abs/1601.03896},
  year      = {2016},
  url       = {http://arxiv.org/abs/1601.03896},
  archivePrefix = {arXiv},
  eprint    = {1601.03896},
  timestamp = {Mon, 13 Aug 2018 16:47:08 +0200},
  biburl    = {https://dblp.org/rec/journals/corr/BernardiCEEEIKM16.bib},
  bibsource = {dblp computer science bibliography, https://dblp.org}
}

@article{Vinyals-2014-showandtell,
  author    = {Oriol Vinyals and
               Alexander Toshev and
               Samy Bengio and
               Dumitru Erhan},
  title     = {Show and Tell: {A} Neural Image Caption Generator},
  journal   = {CoRR},
  volume    = {abs/1411.4555},
  year      = {2014},
  url       = {http://arxiv.org/abs/1411.4555},
  archivePrefix = {arXiv},
  eprint    = {1411.4555},
  timestamp = {Mon, 13 Aug 2018 16:47:52 +0200},
  biburl    = {https://dblp.org/rec/journals/corr/VinyalsTBE14.bib},
  bibsource = {dblp computer science bibliography, https://dblp.org}
}

@article{Bahdanau-2014-neural,
  title={Neural machine translation by jointly learning to align and translate},
  author={Bahdanau, Dzmitry and Cho, Kyunghyun and Bengio, Yoshua},
  journal={arXiv preprint arXiv:1409.0473},
  year={2014}
}

@article{Anderson-2017-bottomuptopdown,
  author    = {Peter Anderson and
               Xiaodong He and
               Chris Buehler and
               Damien Teney and
               Mark Johnson and
               Stephen Gould and
               Lei Zhang},
  title     = {Bottom-Up and Top-Down Attention for Image Captioning and {VQA}},
  journal   = {CoRR},
  volume    = {abs/1707.07998},
  year      = {2017},
  url       = {http://arxiv.org/abs/1707.07998},
  archivePrefix = {arXiv},
  eprint    = {1707.07998},
  timestamp = {Wed, 02 Sep 2020 13:29:09 +0200},
  biburl    = {https://dblp.org/rec/journals/corr/AndersonHBTJGZ17.bib},
  bibsource = {dblp computer science bibliography, https://dblp.org}
}
% -------------FROM FORMAT----------
@book{Aho:72,
    author  = {Alfred V. Aho and Jeffrey D. Ullman},
    title   = {The Theory of Parsing, Translation and Compiling},
    year    = "1972",
    volume  = "1",
    publisher = {Prentice-Hall},
    address = {Englewood Cliffs, NJ}
}

@book{APA:83,
    author  = {{American Psychological Association}},
    title   = {Publications Manual},
    year    = "1983",
   publisher = {American Psychological Association},
   address = {Washington, DC}
}

@article{Chandra:81,
	author = {Ashok K. Chandra and Dexter C. Kozen and Larry J. Stockmeyer},
	year = "1981",
	title = {Alternation},
	journal = {Journal of the Association for Computing Machinery},
	volume = "28",
	number = "1",
	pages = "114--133",
	doi = "10.1145/322234.322243",
}

@inproceedings{andrew2007scalable,
  title={Scalable training of {L1}-regularized log-linear models},
  author={Andrew, Galen and Gao, Jianfeng},
  booktitle={Proceedings of the 24th International Conference on Machine Learning},
  pages={33--40},
  year={2007},
}

@book{Gusfield:97,
    author  = {Dan Gusfield},
    title   = {Algorithms on Strings, Trees and Sequences},
    year    = "1997",
    publisher = {Cambridge University Press},
    address = {Cambridge, UK}
}

@article{rasooli-tetrault-2015,
    author    = {Mohammad Sadegh Rasooli and Joel R. Tetreault},
    title     = {Yara Parser: {A} Fast and Accurate Dependency Parser},
    journal   = {Computing Research Repository},
    volume    = {arXiv:1503.06733},
    year      = {2015},
    url       = {http://arxiv.org/abs/1503.06733},
    note    = {version 2}
}

@article{Ando2005,
	Acmid = {1194905},
	Author = {Ando, Rie Kubota and Zhang, Tong},
	Issn = {1532-4435},
	Issue_Date = {12/1/2005},
	Journal = {Journal of Machine Learning Research},
	Month = dec,
	Numpages = {37},
	Pages = {1817--1853},
	Publisher = {JMLR.org},
	Title = {A Framework for Learning Predictive Structures from Multiple Tasks and Unlabeled Data},
	Volume = {6},
	Year = {2005}}
